@STRING{sep	= {Setembro}}

@book{2014:PCC:2935593,
 title = {Professional CUDA C Programming},
 author = {John Cheng and Max Grossman and Ty McKercher},
 month = {sep},
 year = {2014},
 isbn = {1118739329, 9781118739327},
 edition = {1st},
 publisher = {Wrox Press Ltd.},
 address = {Birmingham, UK, UK},
key = {{$\!\!$}} ,
}

@Article{Bacon:2013:FPM:2436696.2443836,
  Title                    = {{FPGA Programming for the Masses}},
  Author                   = {Bacon, David and Rabbah, Rodric and Shukla, Sunil},
  Journal                  = {Queue},
  Year                     = {2013},
  Month                    = {feb},
  Number                   = {2},
  Pages                    = {40:40--40:52},
  Volume                   = {11},
  Acmid                    = {2443836},
  Address                  = {New York, NY, USA},
  Articleno                = {40},
  Doi                      = {10.1145/2436696.2443836},
  ISSN                     = {1542-7730},
  Issue_date               = {February 2013},
  Numpages                 = {13},
  Publisher                = {ACM},
  Url                      = {http://doi.acm.org/10.1145/2436696.2443836}
}

@TechReport{Nvidia2009,
  author =               {NVIDIA},
  title =                {{NVIDIA CUDA C Programming Best Practices Guide}},
  institution =          {NVIDIA},
  year =                 {2009},
  citeulike-article-id = {6584051},
  keywords =             {,cuda},
  posted-at =            {2013-01-24 18:36:57}
}

@TechReport{Nvidia2013,
  author =               {NVIDIA},
  title =                {{NVIDIA CUDA C Programming Best Practices Guide}},
  institution =          {NVIDIA},
  year =                 {2013},
  citeulike-article-id = {6584051},
  keywords =             {cuda},
  posted-at =            {2013-01-24 18:36:57}
}

@TechReport{nvidia:2014:bpg,
  Title                    = {{CUDA C Best Practices Guide}},
  Author                   = {NVIDIA},
  Institution              = {NVIDIA},
  Year                     = {2014},
  Month                    = {August},
  Note                     = {Design Guide, DG-05603-001 Version 6.5},
  Author1_url              = {http://docs.nvidia.com},
  File                     = {/cuda/pdf/CUDA_C_Best_Practices_Guide.pdf},
  Keywords                 = {cuda, design guide, best practices},
  Url                      = {http://docs.nvidia.com/cuda/pdf/CUDA_C_Best_Practices_Guide.pdf}
}

@TechReport{Nvidia2015,
  author =               {NVIDIA},
  title =                {{CUDA C Best Practices Guide}},
  institution =          {NVIDIA},
  year =                 {2015},
  month =                {Sep},
  keywords =             {cuda},
  posted-at =            {2015-09-01 18:36:57},
  note = {Version 7.5},
  url = {http://docs.nvidia.com/cuda/cuda-c-best-practices-guide},
  file = {http://docs.nvidia.com/cuda/pdf/CUDA_C_Best_Practices_Guide.pdf}
}

@TechReport{nvidia:2014:pg,
  author =      {NVIDIA},
  title =       {{CUDA C Programming Guide}},
  institution = {NVIDIA},
  year =        {2014},
  number =      {PG-02829-001},
  month =       {August},
  note =        {Design Guide v6.5, posted at 2014-08-01 13:24:15},
  annote =      {CUDA C PROGRAMMING GUIDE - NVIDIA},
  author1_url = {http://docs.nvidia.com},
  File        = {/cuda/pdf/CUDA_C_Programming_Guide.pdf},
  keywords =    {,cuda,design guide},
  Url                      = {http://docs.nvidia.com/cuda/pdf/CUDA_C_Programming_Guide.pdf}
}

@TechReport{nvidia:2015:pg,
  author =      {NVIDIA},
  title =       {{CUDA C Programming Guide}},
  institution = {NVIDIA},
  year =        {2015},
  number =      {PG-02829-001},
  month =       {September},
  note =        {Design Guide v7.5},
  author1_url = {http://docs.nvidia.com},
  File        = {/cuda/pdf/CUDA_C_Programming_Guide.pdf},
  keywords =    {,cuda,design guide},
  Url         = {http://docs.nvidia.com/cuda/pdf/CUDA_C_Programming_Guide.pdf}
}

@TechReport{nvidia:maxwell,
  author =      {NVIDIA},
  title =       {Whitepaper: NVIDIA GeForce GTX 750 Ti. Featuring First-Generation Maxwell GPU Technology, Designed for Extreme Performance per Watt},
  institution = {NVIDIA Corporation},
  year =        {2014},
  month =       {02},
  lastchecked = {Jun 20, 2014},
  url =         {http://international.download.nvidia.com/geforce-com/international/pdfs/GeForce-GTX-750-Ti-Whitepaper.pdf}
}


@TechReport{nvidia:fermi,
  Title                    = {NVIDIA CUDA C Programming Best Practices Guide},
  Author                   = {NVIDIA},
  Institution              = {NVIDIA},
  Year                     = {2013},

  Citeulike-article-id     = {6584051},
  Keywords                 = {cuda},
  Posted-at                = {2010-01-24 18:36:57},
  Priority                 = {2}
}

@TechReport{nvidia:libnvml:2013,
  Title                    = {NVML API REFERENCE MANUAL},
  Author                   = {NVIDIA},
  Institution              = {NVIDIA},
  Year                     = {2013},
  Month                    = {August},
  Note                     = {"Version 5.319.43"},

  Keywords                 = {"cuda, nvml"},
  Pages                    = {113},
  Url                      = {https://developer.nvidia.com/nvidia-management-library-nvml}
}

@Article{patterson2009top,
  author =  {Patterson, David},
  title =   {The top 10 innovations in the new NVIDIA Fermi architecture, and the top 3 next challenges},
  journal = {NVIDIA Whitepaper},
  year =    {2009},
  pages =   {3--10},
  file =    {:home/rogerio/.local/share/data/Mendeley Ltd./Mendeley Desktop/Downloaded/Patterson - 2009 - The top 10 innovations in the new NVIDIA Fermi architecture, and the top 3 next challenges.pdf:pdf}
}

